<?xml version="1.0" encoding="UTF-8"?><collection xmlns="http://www.loc.gov/MARC21/slim"><record><leader>00462nam--2200145-i-4500</leader><controlfield tag="001">000014621</controlfield><controlfield tag="002">20161230</controlfield><controlfield tag="005">20161230201030</controlfield><controlfield tag="008">060222s1000------------r-----000-0-eng-d</controlfield><datafield ind1=" " ind2=" " tag="080"><subfield code="a">612.59(047.3)</subfield></datafield><datafield ind1=" " ind2=" " tag="100"><subfield code="a">G.P.Raaphorst, E.I.Azzam /S.A.</subfield></datafield><datafield ind1=" " ind2=" " tag="245"><subfield code="a">The action of hyperthermia on gene expression in friend erythroleukemia cells by dimethyl sulfoxide or x-rays</subfield></datafield><datafield ind1=" " ind2=" " tag="260"><subfield code="a">Pinawa, Atomic Energy Of Canada Limited, 1982 51 P</subfield></datafield><datafield ind1=" " ind2=" " tag="490"><subfield code="a">6822</subfield></datafield><datafield ind1=" " ind2=" " tag="852"><subfield code="a">61950</subfield></datafield></record></collection>